@inproceedings{Abe:2007,
 author = {Abe, Yeuhi and da Silva, Marco and Popovi\'{c}, Jovan},
 title = {Multiobjective control with frictional contacts},
 booktitle = {Proceedings of the 2007 ACM SIGGRAPH/Eurographics symposium on Computer animation},
 series = {SCA '07},
 year = {2007},
 isbn = {978-1-59593-624-0},
 location = {San Diego, California},
 pages = {249--258},
 numpages = {10},

}


@article{Allard:2010,
 author = {Allard, J\'{e}r\'{e}mie and Faure, Fran\c{c}ois and Courtecuisse, Hadrien and Falipou, Florent and Duriez, Christian and Kry, Paul G.},
 title = {Volume contact constraints at arbitrary resolution},
 journal = {ACM Trans. Graph.},
 volume = {29},
 issue = {4},
 month = {July},
 year = {2010},
 issn = {0730-0301},
 pages = {82:1--82:10},
 articleno = {82},
 numpages = {10},
}

@ARTICLE{Anitescu:1997,
    author = {M. Anitescu and F. A. Potra},
    title = {Formulating Dynamic Multi-rigid-body Contact Problems with Friction as Solvable Linear Complementarity Problems},
    journal = {Nonlinear Dynamics},
    year = {1997},
    volume = {14},
    pages = {231--247}
}

@article{Barbic:2008,
  author =        {Jernej Barbi\v{c} and Jovan Popovi{\'{c}}},
  journal =       {ACM Trans. on Graphics (SIGGRAPH Asia 2008)},
  title =         "Real-time Control of Physically Based Simulations using Gentle Forces",
  volume =        "27",
  number =        "5",
  year =          "2008",
  pages =         "163:1--163:10"
}


@article{Barbic:2009,
  author =        {Jernej Barbi\v{c} and Marco da Silva and Jovan Popovi{\'{c}}},
  journal =       {ACM Trans. on Graphics (SIGGRAPH 2009)},
  number =        "3",
  title =         "Deformable Object Animation Using Reduced Optimal Control",
  volume =        "28",
  year =          "2009",
}

@article{Barbic:2005,
  author = "Jernej Barbi\v{c} and Doug L. James",
  title = "Real-Time Subspace Integration for {S}t. {V}enant-{K}irchhoff Deformable Models",
  year = "2005",
  month = aug,
  journal = "ACM Transactions on Graphics (SIGGRAPH 2005)",
  volume = "24",
  number = "3",
  pages = "982--990",
}

@inproceedings{Baraff:1998,
 author = {Baraff, David and Witkin, Andrew},
 title = {Large steps in cloth simulation},
 booktitle = {Proceedings of the 25th annual conference on Computer graphics and interactive techniques},
 series = {SIGGRAPH '98},
 year = {1998},
 isbn = {0-89791-999-8},
 pages = {43--54},
 numpages = {12},
}

@article{Bargteil:2007,
 author = {Bargteil, Adam W. and Wojtan, Chris and Hodgins, Jessica K. and Turk, Greg},
 title = {A finite element method for animating large viscoplastic flow},
 journal = {ACM Trans. Graph.},
 issue_date = {July 2007},
 volume = {26},
 issue = {3},
 month = {July},
 year = {2007},
 issn = {0730-0301},
 articleno = {16},
}

@book{Bathe:2007,
  author = {Bathe, K.-J.},
  title = {Finite Element Procedures},
  publisher = {Prentice-Hall},
  year = 2007,
  address = {London}
}

@article{Bergou:2007,
         title = {{TRACKS: Toward Directable Thin Shells}},
         author = {Mikl{\'{o}}s Bergou and Saurabh Mathur and Max Wardetzky and Eitan Grinspun},
         journal = {ACM Transactions on Graphics (SIGGRAPH)},
         volume = {26},
         number = {3},
         pages = {50:1--50:10},
         year = {2007},
         month = {jul}
}

@inproceedings{Bridson:2002,
 author = {Bridson, Robert and Fedkiw, Ronald and Anderson, John},
 title = {Robust treatment of collisions, contact and friction for cloth animation},
 booktitle = {Proceedings of the 29th annual conference on Computer graphics and interactive techniques},
 series = {SIGGRAPH '02},
 year = {2002},
 isbn = {1-58113-521-1},
 location = {San Antonio, Texas},
 pages = {594--603},
 numpages = {10},
}


@article{Chen:1992,
 author = {Chen, David T. and Zeltzer, David},
 title = {Pump it up: computer animation of a biomechanically based model of muscle using the finite element method},
 journal = {SIGGRAPH Comput. Graph.},
 volume = {26},
 issue = {2},
 month = {July},
 year = {1992},
 issn = {0097-8930},
 pages = {89--98},
 numpages = {10},
}

@inproceedings{DiLorenzo:2008,
 author = {DiLorenzo, Paul C. and Zordan, Victor B. and Sanders, Benjamin L.},
 title = {Laughing out loud: control for modeling anatomically inspired laughter using audio},
 booktitle = {ACM SIGGRAPH Asia 2008 papers},
 series = {SIGGRAPH Asia '08},
 year = {2008},
 location = {Singapore},
 pages = {125:1--125:8},
 articleno = {125},
 numpages = {8},
}

@article{Erleben:2007,
 author = {Erleben, Kenny},
 title = {Velocity-based shock propagation for multibody dynamics animation},
 journal = {ACM Trans. Graph.},
 volume = {26},
 issue = {2},
 month = {June},
 year = {2007},
 issn = {0730-0301},
 articleno = {12},
}

@article{FauGilBouPai:2011,
author = {Fran\c{c}ois Faure and Benjamin Gilles and Guillaume Bousquet and Dinesh Pai},
title = {Sparse Meshless Models of Complex Deformable Solids},
journal = {ACM Trans. Graph.},
volume = 30,
number = {4},
note = {Special Issue: Proceedings of ACM SIGGRAPH 2011},
month = jul,
year = 2011
}

@inproceedings{Irving:2004,
 author = {Irving, G. and Teran, J. and Fedkiw, R.},
 title = {Invertible finite elements for robust simulation of large deformation},
 booktitle = {Proceedings of the 2004 ACM SIGGRAPH/Eurographics symposium on Computer animation},
 series = {SCA '04},
 year = {2004},
 isbn = {3-905673-14-2},
 location = {Grenoble, France},
 pages = {131--140},
 numpages = {10},
}

@article{Irving:2007,
 author = {Irving, Geoffrey and Schroeder, Craig and Fedkiw, Ronald},
 title = {Volume conserving finite element simulations of deformable models},
 journal = {ACM Trans. Graph.},
 issue_date = {July 2007},
 volume = {26},
 issue = {3},
 month = {July},
 year = {2007},
 issn = {0730-0301},
 articleno = {13},
}

@article{Jain:2009,
 author = {Sumit Jain and Yuting Ye and C. Karen Liu},
 title = {Optimization-Based Interactive Motion Synthesis},
 journal = {ACM Transaction on Graphics},
 volume = {28},
 number = {1},
 year = {2009},
 pages = {1--10},
}


@article{James:2003,
 author = {James, Doug L. and Pai, Dinesh K.},
 title = {Multiresolution {G}reen's function methods for interactive simulation of large-scale elastostatic objects},
 journal = {ACM Trans. Graph.},
 volume = {22},
 issue = {1},
 month = {January},
 year = {2003},
 issn = {0730-0301},
 pages = {47--82},
 numpages = {36},
}

@article{Kaufman:2008,
 author = {Kaufman, Danny M. and Sueda, Shinjiro and James, Doug L. and Pai, Dinesh K.},
 title = {Staggered projections for frictional contact in multibody systems},
 journal = {ACM Trans. Graph.},
 volume = {27},
 issue = {5},
 month = {December},
 year = {2008},
 issn = {0730-0301},
 pages = {164:1--164:11},
 articleno = {164},
 numpages = {11},
}

@article{Kier:1985,
 author = {Kier, W. M.},
 title = {Tongues, tentacles and trunks: The biomechanics of movement in muscular-hydrostats},
 journal = {Zoological Journal of the Linnean Society},
 volume = {83},
 year = {1985},
 pages = {307--324},
}


@article{Kim:2009,
 author = {Kim, Theodore and James, Doug L.},
 title = {Skipping steps in deformable simulation with online model reduction},
 journal = {ACM Trans. Graph.},
 issue_date = {December 2009},
 volume = {28},
 issue = {5},
 month = {December},
 year = {2009},
 issn = {0730-0301},
 pages = {123:1--123:9},
 articleno = {123},
 numpages = {9},
}

@article{Kim:2011:DCO,
  author = "Junggon Kim and Nancy S. Pollard",
  title = "Direct Control of Simulated Non-human Characters",
  year = "2011",
  month = jul,
  journal = "IEEE Computer Graphics and Applications",
  volume = "31",
  number = "4",
  pages = "56--65",
}

@article{Kim:2011,
  author = "Junggon Kim and Nancy S. Pollard",
  title = "Fast Simulation of Skeleton-Driven Deformable Body Characters",
  year = "2011",
  month = "{O}ctober",
  journal = "ACM Transactions on Graphics",
  volume = "30",
  number = "5",
}

@inproceedings{Kondo:2005,
 author = {Kondo, Ryo and Kanai, Takashi and Anjyo, Ken-ichi},
 title = {Directable animation of elastic objects},
 booktitle = {Proceedings of the 2005 ACM SIGGRAPH/Eurographics symposium on Computer animation},
 series = {SCA '05},
 year = {2005},
 isbn = {1-59593-198-8},
 location = {Los Angeles, California},
 pages = {127--134},
 numpages = {8},
}


@article{Lasseter:1987,
 author = {Lasseter, John},
 title = {Principles of traditional animation applied to {3D} computer animation},
 journal = {SIGGRAPH Comput. Graph.},
 volume = {21},
 issue = {4},
 month = {August},
 year = {1987},
 issn = {0097-8930},
 pages = {35--44},
 numpages = {10},
}

@article{Lee:2006,
	author = "Sung-Hee Lee and Demetri Terzopoulos",
	title = "{Heads Up! Biomechanical Modeling and Neuromuscular Control of the Neck}",
	journal = "{ACM Transactions on Graphics}",
	volume = 25,
	number = 3,
	year = 2006,
	month = "July",
	pages = "1188--1198"
}

@article{Lee:2009:CBM,
 author = {Lee, Sung-Hee and Sifakis, Eftychios and Terzopoulos, Demetri},
 title = {Comprehensive biomechanical modeling and simulation of the upper body},
 journal = {ACM Trans. Graph.},
 issue_date = {August 2009},
 volume = {28},
 issue = {4},
 month = {September},
 year = {2009},
 issn = {0730-0301},
 pages = {99:1--99:17},
 articleno = {99},
 numpages = {17},
}


@inproceedings{Lloyd:2005,
 author = {Lloyd, J.E.},
 title = {Fast Implementation of {L}emke's Algorithm for Rigid Body Contact Simulation},
 booktitle = {Proceedings of the 2005 IEEE International Conference on Robotics and Automation},
 series = {ICRA 2005},
 year = {2005},
 pages = {4538--4543},
}

@article{Martin:2011,
 author = {Martin, Sebastian and Thomaszewski, Bernhard and Grinspun, Eitan and Gross, Markus},
 title = {Example-based elastic materials},
 journal = {ACM Trans. Graph.},
 issue_date = {July 2011},
 volume = {30},
 issue = {4},
 month = aug,
 year = {2011},
 issn = {0730-0301},
 pages = {72:1--72:8},
 articleno = {72},
 numpages = {8},
}

@article{Macchietto:2009,
 author = {Macchietto, Adriano and Zordan, Victor and Shelton, Christian R.},
 title = {Momentum control for balance},
 journal = {ACM Trans. Graph.},
 issue_date = {August 2009},
 volume = {28},
 issue = {3},
 month = jul,
 year = {2009},
 issn = {0730-0301},
 pages = {80:1--80:8},
 articleno = {80},
 numpages = {8},
}

@article{Miller:1988,
 author = {Miller, Gavin S. P.},
 title = {The motion dynamics of snakes and worms},
 journal = {SIGGRAPH Comput. Graph.},
 volume = {22},
 issue = {4},
 month = {June},
 year = {1988},
 issn = {0097-8930},
 pages = {169--173},
 numpages = {5},
}

@inproceedings{Muller:2002,
 author = {M\"{u}ller, Matthias and Dorsey, Julie and McMillan, Leonard and Jagnow, Robert and Cutler, Barbara},
 title = {Stable real-time deformations},
 booktitle = {Proceedings of the 2002 ACM SIGGRAPH/Eurographics symposium on Computer animation},
 series = {SCA '02},
 year = {2002},
 isbn = {1-58113-573-4},
 location = {San Antonio, Texas},
 pages = {49--54},
 numpages = {6},
}

@inproceedings{Muller:2004,
 author = {M\"{u}ller, M. and Keiser, R. and Nealen, A. and Pauly, M. and Gross, M. and Alexa, M.},
 title = {Point based animation of elastic, plastic and melting objects},
 booktitle = {Proceedings of the 2004 ACM SIGGRAPH/Eurographics symposium on Computer animation},
 series = {SCA '04},
 year = {2004},
 isbn = {3-905673-14-2},
 location = {Grenoble, France},
 pages = {141--151},
 numpages = {11},
}



@article{Muller:2005,
 author = {M\"{u}ller, Matthias and Heidelberger, Bruno and Teschner, Matthias and Gross, Markus},
 title = {Meshless deformations based on shape matching},
 journal = {ACM Trans. Graph.},
 volume = {24},
 issue = {3},
 month = {July},
 year = {2005},
 issn = {            0730-0301      },
 pages = {471--478},
 numpages = {8},
}

@article{Nealen:2006,
 title={Physically Based Deformable Models in Computer Graphics},
 volume={25},
 url={http://doi.wiley.com/10.1111/j.1467-8659.2006.01000.x},
 number={4}, journal={Computer Graphics Forum},
 publisher={John Wiley & Sons},
 author={Nealen, Andrew and M\"uller, Matthias and Keiser, Richard and Boxerman, Eddy and Carlson, Mark},
 year={2006},
 pages={809--836}
}

@inproceedings{NPF05,
author = {Matthieu Nesme and Yohan Payan and Fran\c{c}ois Faure},
title = {Efficient, Physically Plausible Finite Elements},
booktitle = {Eurographics 2005, Short papers, August, 2005},
editor = {John Dingliana and Fabio Ganovelli},
address = {Trinity College, Dublin, Irlande},
keywords = {animation, physical model, elasticity, finite elements},
year = 2005
}

@inproceedings{O'Brien:1999,
 author = {O'Brien, James F. and Hodgins, Jessica K.},
 title = {Graphical modeling and animation of brittle fracture},
 booktitle = {Proceedings of the 26th annual conference on Computer graphics and interactive techniques},
 series = {SIGGRAPH '99},
 year = {1999},
 isbn = {0-201-48560-5},
 pages = {137--146},
 numpages = {10},
}

@book{Cottle:1992,
  author = {Cottle, R.W and Pang, J.S and Stone, E.R},
  title = {The Linear Complementarity Problem},
  publisher = {Academic Press},
  year = 1992,
}

@Article{Otaduy:2009,
  author       = "Otaduy, Miguel A. and Tamstorf, Rasmus and Steinemann, Denis and Gross, Markus",
  title        = "Implicit Contact Handling for Deformable Objects",
  journal      = "Computer Graphics Forum (Proc. of Eurographics)",
  number       = "2",
  volume       = "28",
  month        = "apr",
  year         = "2009",
  url          = "http://www.gmrv.es/Publications/2009/OTSG09"
}

@article{Rivers:2007,
 author = {Rivers, Alec R. and James, Doug L.},
 title = {Fast{LSM}: fast lattice shape matching for robust real-time deformation},
 journal = {ACM Trans. Graph.},
 issue_date = {July 2007},
 volume = {26},
 issue = {3},
 month = {July},
 year = {2007},
 issn = {0730-0301},
 articleno = {82},
}

@book{Thomas:1981,
  author = {Thomas, F. and Johston, O.},
  booktitle = {The {I}llusion of Life, Disney Animation},
  publisher = {Hyperion, New York},
  title = {The Illusion of Life, Disney Animation},
  year = 1981,
}

@article{Sifakis:2005,
 author = {Sifakis, Eftychios and Neverov, Igor and Fedkiw, Ronald},
 title = {Automatic determination of facial muscle activations from sparse motion capture marker data},
 journal = {ACM Trans. Graph.},
 volume = {24},
 issue = {3},
 month = {July},
 year = {2005},
 issn = {0730-0301},
 pages = {417--425},
 numpages = {9},
}

@inproceedings{Teran:2003,
 author = {Teran, J. and Blemker, S. and Hing, V. Ng Thow and Fedkiw, R.},
 title = {Finite volume methods for the simulation of skeletal muscle},
 booktitle = {Proceedings of the 2003 ACM SIGGRAPH/Eurographics symposium on Computer animation},
 series = {SCA '03},
 year = {2003},
 isbn = {1-58113-659-5},
 location = {San Diego, California},
 pages = {68--74},
 numpages = {7},
}

@article{Teran:2005,
 author = {Teran, Joseph and Sifakis, Eftychios and Blemker, Silvia S. and Ng-Thow-Hing, Victor and Lau, Cynthia and Fedkiw, Ronald},
 title = {Creating and Simulating Skeletal Muscle from the Visible Human Data Set},
 journal = {IEEE Transactions on Visualization and Computer Graphics},
 volume = {11},
 issue = {3},
 month = {May},
 year = {2005},
 issn = {1077-2626},
 pages = {317--328},
 numpages = {12},
}

@inproceedings{Terzopoulos:1987,
 author = {Terzopoulos, Demetri and Platt, John and Barr, Alan and Fleischer, Kurt},
 title = {Elastically deformable models},
 booktitle = {Proceedings of the 14th annual conference on Computer graphics and interactive techniques},
 series = {SIGGRAPH '87},
 year = {1987},
 isbn = {0-89791-227-6},
 pages = {205--214},
 numpages = {10},
}

@inproceedings{Tsang:2005,
 author = {Tsang, Winnie and Singh, Karan and Fiu Eugene},
 title = {Helping hand: an anatomically accurate inverse dynamics solution for unconstrained hand motion},
 booktitle = {Proceedings of the 2005 ACM SIGGRAPH/Eurographics symposium on Computer animation},
 series = {SCA '05},
 year = {2005},
 isbn = {1-59593-198-8},
 location = {Los Angeles, California},
 pages = {319--328},
 numpages = {10},
}

@INPROCEEDINGS{Grzeszczuk:1995,
    author = {Radek Grzeszczuk and Demetri Terzopoulos},
    title = {Automated Learning of Muscle-Actuated Locomotion Through Control Abstraction},
 booktitle = {Proceedings of the 22nd annual conference on Computer graphics and interactive techniques},
    year = {1995},
    pages = {63--70},
}

@article{Sueda:2008,
 author = {Sueda, Shinjiro and Kaufman, Andrew and Pai, Dinesh K.},
 title = {Musculotendon simulation for hand animation},
 journal = {ACM Trans. Graph.},
 issue_date = {August 2008},
 volume = {27},
 issue = {3},
 month = {August},
 year = {2008},
 issn = {0730-0301},
 pages = {83:1--83:8},
 articleno = {83},
 numpages = {8},
}

@ARTICLE{Stewart:1996,
    author = {David Stewart and J. C. Trinkle},
    title = {An Implicit Time-Stepping Scheme for Rigid Body Dynamics with {C}oulomb Friction},
    journal = {International Journal of Nnumerical Methods in Engineering},
    year = {1996},
    volume = {39},
    pages = {2673--2691}
}

@conference{Tu:1994,
  title={{Artificial fishes: Physics, locomotion, perception, behavior}},
  author={Tu, X. and Terzopoulos, D.},
  booktitle={Proceedings of the 21st annual conference on Computer graphics and interactive techniques},
  pages={43--50},
  isbn={0897916670},
  year={1994},
  organization={ACM}
}

@article{Wojtan:2008,
 author = {Wojtan,, Chris and Turk,, Greg},
 title = {Fast viscoelastic behavior with thin features},
 journal = {ACM Trans. Graph.},
 volume = {27},
 number = {3},
 year = {2008},
 issn = {            0730-0301      },
 pages = {1--8},
}

@inproceedings{Yin:2007,
 author = {Yin, KangKang and Loken, Kevin and van de Panne, Michiel},
 title = {{SIMBICON}: simple biped locomotion control},
 booktitle = {ACM SIGGRAPH 2007 papers},
 series = {SIGGRAPH '07},
 year = {2007},
 location = {San Diego, California},
 articleno = {105},
}

@article{Zordan:2006,
 author = {Zordan, Victor B. and Celly, Bhrigu and Chiu, Bill and DiLorenzo, Paul C.},
 title = {Breathe easy: model and control of human respiration for computer animation},
 journal = {Graph. Models},
 volume = {68},
 issue = {2},
 month = {March},
 year = {2006},
 issn = {1524-0703},
 pages = {113--132},
 numpages = {20},
}

@article{Bai:2011,
 author = {Bai, Lijie and Mitchell, John E. and Pang, Jong-Shi},
 title = {On convex quadratic programs with linear complementarity constraints},
 journal = {In submission},
 issue_date = {September 2011},
 year = {2011},
}

@article{Braun:2005,
 author = {Braun, Stephen and Mitchell, John E.},
 title = {A semidefinite programming heuristic for quadratic programming problems with complementarity constraints},
 journal = {Computational Optimization and Application},
 issue_date = {May 2005},
 volume = {31},
 issue = {1},
 pages = {5--29},
 year = {2005},
}

@article{Hu:2008,
 author = {Hu, Jing and Mitchell, John E. and Pang, Jong-Shi and Bennett, Kristin P. and Kunapuli, Gautam},
 title = {On the global solution of linear programs with linear complementarity constraints},
 journal = {SIAM Journal on Optimization},
 volume = {19},
 issue = {1},
 pages = {445--471},
 year = {2008},
}

@misc{Si:2006,
	author = {Si, Hang},
	title = {TetGen: A quality tetrahedral mesh generator and a {3D} {D}elaunay triangulator},
	month = {January},
	year = {2006},
    url = {http://wias-berlin.de/software/tetgen/},
}

@InProceedings{Hodgins:1995:AHA,
   author = "Jessica K. Hodgins and Wayne L. Wooten and David C. Brogan and James F. O'Brien",
   title = "Animating Human Athletics",
   booktitle = "SIGGRAPH",
   year = 1995,
   month = aug,
   pages = "71--78",
}

@book{Sutton:1998:IRL,
 author = {Sutton, Richard S. and Barto, Andrew G.},
 title = {Introduction to Reinforcement Learning},
 year = {1998},
 isbn = {0262193981},
 edition = {1st},
 publisher = {MIT Press},
 address = {Cambridge, MA, USA},
}

@article{Levine:2012:CCC,
 author = {Levine, Sergey and Wang, Jack M. and Haraux, Alexis and Popovi\'{c}, Zoran and Koltun, Vladlen},
 title = {Continuous Character Control with Low-dimensional Embeddings},
 journal = {ACM Trans. Graph.},
 issue_date = {July 2012},
 volume = {31},
 number = {4},
 month = jul,
 year = {2012},
 issn = {0730-0301},
 pages = {28:1--28:10},
 articleno = {28},
 numpages = {10},
 url = {http://doi.acm.org/10.1145/2185520.2185524},
 doi = {10.1145/2185520.2185524},
 acmid = {2185524},
 publisher = {ACM},
 address = {New York, NY, USA},
 keywords = {Gaussian processes, character animation, data-driven animation, nonlinear dimensionality reduction, optimal control},
}

@article{Treuille:2007:NCA,
 author = {Treuille, Adrien and Lee, Yongjoon and Popovi\'{c}, Zoran},
 title = {Near-optimal Character Animation with Continuous Control},
 journal = {ACM Trans. Graph.},
 issue_date = {July 2007},
 volume = {26},
 number = {3},
 month = jul,
 year = {2007},
 issn = {0730-0301},
 articleno = {7},
 url = {http://doi.acm.org/10.1145/1276377.1276386},
 doi = {10.1145/1276377.1276386},
 acmid = {1276386},
 publisher = {ACM},
 address = {New York, NY, USA},
 keywords = {human animation, motion with constraints, optimal control},
}

@article{Coros:2009:RTC,
 author = {Coros, Stelian and Beaudoin, Philippe and van de Panne, Michiel},
 title = {Robust Task-based Control Policies for Physics-based Characters},
 journal = {ACM Trans. Graph.},
 issue_date = {December 2009},
 volume = {28},
 number = {5},
 month = dec,
 year = {2009},
 issn = {0730-0301},
 pages = {170:1--170:9},
 articleno = {170},
 numpages = {9},
 url = {http://doi.acm.org/10.1145/1618452.1618516},
 doi = {10.1145/1618452.1618516},
 acmid = {1618516},
 publisher = {ACM},
 address = {New York, NY, USA},
 keywords = {animation, simulation of skilled movement},
}

@ARTICLE{Multifinger2013,
title = "Goal directed multi-finger manipulation: Control policies and analysis ",
journal = "Computers \& Graphics ",
volume = "37",
number = "7",
pages = "830 - 839",
year = "2013",
issn = "0097-8493",
doi = "http://dx.doi.org/10.1016/j.cag.2013.04.007",
url = "http://www.sciencedirect.com/science/article/pii/S0097849313000599",
author = "S. Andrews and P.G. Kry",
}

@InProceedings{RandlovAlstrom:1998,
  author =       "Randl{\o}v, Jette and Alstr{\o}m, Preben",
  title =        "Learning to Drive a Bicycle Using Reinforcement Learning and Shaping",
  booktitle =    "Proceedings of the Fifteenth International Conference on Machine Learning (ICML 1998)",
  year =         "1998",
  ISBN =         "1-55860-556-8",
  editor =    "Shavlik, Jude W.",
  publisher = "Morgan Kauffman",
  address =   "San Francisco, CA, USA",
  pages =     "463--471",
  url = "http://citeseerx.ist.psu.edu/viewdoc/download?doi=10.1.1.52.3038&rep=rep1&type=pdf",
  bib2html_rescat = "Applications, General RL",
}

@inproceedings{Ng:2000:PPS,
 author = {Ng, Andrew Y. and Jordan, Michael},
 title = {PEGASUS: A Policy Search Method for Large {MDP}s and {POMDP}s},
 booktitle = {Proceedings of the Sixteenth Conference on Uncertainty in Artificial Intelligence},
 series = {UAI'00},
 year = {2000},
 isbn = {1-55860-709-9},
 location = {Stanford, California},
 pages = {406--415},
 numpages = {10},
 url = {http://dl.acm.org/citation.cfm?id=2073946.2073994},
 acmid = {2073994},
 publisher = {Morgan Kaufmann Publishers Inc.},
 address = {San Francisco, CA, USA},
}

@article{Stanley:2002:ENN,
 author = {Stanley, Kenneth O. and Miikkulainen, Risto},
 title = {Evolving Neural Networks Through Augmenting Topologies},
 journal = {Evol. Comput.},
 issue_date = {Summer 2002},
 volume = {10},
 number = {2},
 month = jun,
 year = {2002},
 issn = {1063-6560},
 pages = {99--127},
 numpages = {29},
 url = {http://dx.doi.org/10.1162/106365602320169811},
 doi = {10.1162/106365602320169811},
 acmid = {638554},
 publisher = {MIT Press},
 address = {Cambridge, MA, USA},
 keywords = {competing conventions, genetic algorithms, network topologies, neural networks, neuroevolution, speciation},
}

@INPROCEEDINGS{Thrun93issuesin,
    author = {Sebastian Thrun and Anton Schwartz},
    title = {Issues in Using Function Approximation for Reinforcement Learning},
    booktitle = {In Proceedings of the Fourth Connectionist Models Summer School},
    year = {1993},
    publisher = {Erlbaum}
}

@INPROCEEDINGS{Boyan95generalizationin,
    author = {Justin A. Boyan and Andrew W. Moore},
    title = {Generalization in Reinforcement Learning: Safely Approximating the Value Function},
    booktitle = {Advances in Neural Information Processing Systems 7},
    year = {1995},
    pages = {369--376},
    publisher = {MIT Press}
}

@article{Whipple1899,
  author = {Whipple, Francis J. W.},
  title = {The stability of the motion of a bicycle},
  journal = {Quarterly Journal of Pure and Applied Mathematics},
  year = {1899},
  volume = {30},
  pages = {312--348},
  bib = {bibtex-keys#Whipple1899}
}


@article{Carvallo1900,
  author = {Carvallo, M. E.},
  title = {Th\'{e}orie du mouvement du Monocycle et de la Bicyclette},
  journal = {Journal de L'Ecole Polytechnique},
  series = {2},
  year = {1900},
  volume = {5},
}

@article{DenHartog:1961,
 author = {Den Hartog, J. P.},
 title = {Mechanics},
 journal = {},
  pages = {328},
 year = {1961},
 publisher = {Dover},
 address = {New York, USA},
}

@book{van1975method,
  title={A Method for the Automatic Stabilization of an Unmanned Bicycle},
  author={Van Zytveld, P.J.},
  url={http://books.google.com/books?id=YzvnPQAACAAJ},
  year={1975},
  publisher={Department of Aeronautics and Astronautics, Stanford University.}
}


@PhdThesis{Singh1964,
           title = {Advanced concepts of the stability of two-wheeled vehicle-application of mathematical analysis to actual vehicles},
          author = {Singh, D. V.},
          school = {University of Wisconsin},
          year = {1964},
}

@PhdThesis{Collins1963,
           title = {A mathematical analysis of the stability of two-wheeled vehicles},
          author = {Collins, R. N.},
          school = {University of Wisconsin},
          year = {1963},
}

@article{Kooijman2011,
    author = {Kooijman, J. D. G. and Meijaard, J. P. and Papadopoulos, Jim M. and Ruina, Andy and Schwab, A. L.},
    doi = {10.1126/science.1201959},
    issn = {1095-9203},
    journal = {Science},
    month = apr,
    number = {6027},
    pages = {339--342},
    title = {{A Bicycle Can Be Self-Stable Without Gyroscopic or Caster Effects}},
    url = {http://dx.doi.org/10.1126/science.1201959},
    volume = {332},
    year = {2011}
}

@article{Jones1970,
    author = {Jones, D. E. H},
    journal = {Physics Today},
    pages = {34--40},
    title = {{The Stability of the bicycle}},
    articleno = {3},
    volume = {23},
    year = {1970}
}

@article{Klein1910,
    author = {Klein, F. and Sommerfeld, A.},
    journal = {\"{U}ber die Theorie des Kreisels, Ch. IX, Section 8},
    pages = {863--884},
    title = {Stabilit\"{a}t des Fahrrads},
    year = {1910}
}

@article{Fajans2000,
  author = {Fajans, J.},
  title = {Steering in Bicycles and Motorcycles},
  journal = {American Journal of Physics},
  year = {2000},
  volume = {68},
  pages = {654--659},
  number = {7},
  bib = {bibtex-keys#Fajans2000}
}

@inproceedings{Allen2009,
 author = {Allen, B. and Faloutsos, P.},
 title = {Evolved Controllers for Simulated Locomotion},
 booktitle = {Motion in Games, Lecture Notes in Computer Science},
 year = {2009},
 pages = {219--230},
 numpages = {12}
}

@ARTICLE{Coros2011,
    author = {Stelian Coros and Andrej Karpathy and Ben Jones and Lionel Reveret and Michiel van de Panne},
    title = {Locomotion Skills for Simulated Quadrupeds},
    journal = {ACM Transactions on Graphics},
    year = {2011},
    volume = {30},
    number = {4},
    pages = {Article TBD}
}

@inproceedings{Sims:1994,
 author = {Sims, Karl},
 title = {Evolving Virtual Creatures},
 booktitle = {Proceedings of the 21st Annual Conference on Computer Graphics and Interactive Techniques},
 series = {SIGGRAPH '94},
 year = {1994},
 isbn = {0-89791-667-0},
 pages = {15--22},
 numpages = {8},
 url = {http://doi.acm.org/10.1145/192161.192167},
 doi = {10.1145/192161.192167},
 acmid = {192167},
 publisher = {ACM},
 address = {New York, NY, USA},
}

@article{Liu2012,
  title={Terrain runner: control, parameterization, composition, and planning for highly dynamic motions},
  author={Liu, Libin and Yin, KangKang and van de Panne, Michiel and Guo, Baining},
  journal={ACM Transactions on Graphics (TOG)},
  volume={31},
  number={6},
  pages={154},
  year={2012},
  publisher={ACM}
}

@inproceedings{Tan:2011,
 author = {Tan, Jie and Gu, Yuting and Turk, Greg and Liu, C. Karen},
 title = {Articulated swimming creatures},
 booktitle = {ACM SIGGRAPH 2011 papers},
 series = {SIGGRAPH '11},
 year = {2011},
 isbn = {978-1-4503-0943-1},
 location = {Vancouver, British Columbia, Canada},
 pages = {58:1--58:12},
 articleno = {58},
 numpages = {12},
 url = {http://doi.acm.org/10.1145/1964921.1964953},
 doi = {http://doi.acm.org/10.1145/1964921.1964953},
 publisher = {ACM},
}

@inproceedings{Grzeszczuk:1995,
 author = {Grzeszczuk, Radek and Terzopoulos, Demetri},
 title = {Automated Learning of Muscle-actuated Locomotion Through Control Abstraction},
 booktitle = {Proceedings of the 22Nd Annual Conference on Computer Graphics and Interactive Techniques},
 series = {SIGGRAPH '95},
 year = {1995},
 isbn = {0-89791-701-4},
 pages = {63--70},
 numpages = {8},
 url = {http://doi.acm.org/10.1145/218380.218411},
 doi = {10.1145/218380.218411},
 acmid = {218411},
 publisher = {ACM},
 address = {New York, NY, USA},
}

@inproceedings{Grzeszczuk:1998,
 author = {Grzeszczuk, Radek and Terzopoulos, Demetri and Hinton, Geoffrey},
 title = {NeuroAnimator: Fast Neural Network Emulation and Control of Physics-based Models},
 booktitle = {Proceedings of the 25th Annual Conference on Computer Graphics and Interactive Techniques},
 series = {SIGGRAPH '98},
 year = {1998},
 isbn = {0-89791-999-8},
 pages = {9--20},
 numpages = {12},
 url = {http://doi.acm.org/10.1145/280814.280816},
 doi = {10.1145/280814.280816},
 acmid = {280816},
 publisher = {ACM},
 address = {New York, NY, USA},
 keywords = {backpropagation, dynamical systems, learning, motion control, neural networks, physics-based animation, simulation},
}

@inproceedings{vandePanne:1993,
 author = {van de Panne, Michiel and Fiume, Eugene},
 title = {Sensor-actuator Networks},
 booktitle = {Proceedings of the 20th Annual Conference on Computer Graphics and Interactive Techniques},
 series = {SIGGRAPH '93},
 year = {1993},
 isbn = {0-89791-601-8},
 location = {Anaheim, CA},
 pages = {335--342},
 numpages = {8},
 url = {http://doi.acm.org/10.1145/166117.166159},
 doi = {10.1145/166117.166159},
 acmid = {166159},
 publisher = {ACM},
 address = {New York, NY, USA},
}

@ARTICLE{Coros2010,
    author = {Stelian Coros and Philippe Beaudoin and Michiel van de Panne},
    title = {Generalized Biped Walking Control},
    journal = {ACM Transctions on Graphics},
    year = {2010},
    volume = {29},
    number = {4},
    pages = {Article 130}
}

@inproceedings{Zhao:2005,
 author = {Zhao, Peng and van de Panne, Michiel},
 title = {User Interfaces for Interactive Control of Physics-based 3{D} Characters},
 booktitle = {Proceedings of the 2005 Symposium on Interactive 3D Graphics and Games},
 series = {I3D '05},
 year = {2005},
 isbn = {1-59593-013-2},
 location = {Washington, District of Columbia},
 pages = {87--94},
 numpages = {8},
 url = {http://doi.acm.org/10.1145/1053427.1053441},
 doi = {10.1145/1053427.1053441},
 acmid = {1053441},
 publisher = {ACM},
 address = {New York, NY, USA},
 keywords = {character animation, control, physics-based simulation, user interfaces},
}

@inproceedings{vandepanne:2003,
 author = {van de Panne, Michiel and Lee, Cedric},
 title = {Ski Stunt Simulator: Experiments with Interactive Dynamics},
 booktitle = {Proceedings of the 14th Western Computer Graphics Symposium},
 series = {I3D '05},
 year = {2003},
}

@inproceedings{Hodgins:1992,
 author = {Hodgins, Jessica K. and Sweeney, Paula K. and Lawrence, David G.},
 title = {Generating Natural-looking Motion for Computer Animation},
 booktitle = {Proceedings of the Conference on Graphics Interface '92},
 year = {1992},
 isbn = {0-9695338-1-0},
 location = {Vancouver, British Columbia, Canada},
 pages = {265--272},
 numpages = {8},
 url = {http://dl.acm.org/citation.cfm?id=155294.155325},
 acmid = {155325},
 publisher = {Morgan Kaufmann Publishers Inc.},
 address = {San Francisco, CA, USA},
}

@article{Geijtenbeek2012a,
author = {Geijtenbeek, T. and Pronost, N.},
doi = {10.1111/j.1467-8659.2012.03189.x},
issn = {01677055},
journal = {Computer Graphics Forum},
number = {8},
pages = {2492--2515},
title = {{Interactive Character Animation Using Simulated Physics: A State-of-the-Art Review}},
url = {http://doi.wiley.com/10.1111/j.1467-8659.2012.03189.x},
volume = {31},
year = {2012}
}

@article{Wampler:2009,
 author = {Wampler, Kevin and Popovi\'{c}, Zoran},
 title = {Optimal Gait and Form for Animal Locomotion},
 journal = {ACM Trans. Graph.},
 issue_date = {August 2009},
 volume = {28},
 number = {3},
 month = jul,
 year = {2009},
 issn = {0730-0301},
 pages = {60:1--60:8},
 articleno = {60},
 numpages = {8},
 url = {http://doi.acm.org/10.1145/1531326.1531366},
 doi = {10.1145/1531326.1531366},
 acmid = {1531366},
 publisher = {ACM},
 address = {New York, NY, USA},
 keywords = {animation, character dynamics, gait, spacetime optimization},
}

@Manual{Hansen:2009,
  title =        "The CMA Evolution Strategy: A Tutorial",
  author =    "Hansen, Nikolaus",
  year =      "2009",
  url = "http://www.lri.fr/~hansen/cmatutorial.pdf",
  bib2html_rescat = "Learning Methods",
}

@phdthesis{Wooten:1998,
 author = {Wooten, Wayne Lewis},
 advisor = {Hodgins, Jessica K.},
 title = {Simulation of Leaping, Tumbling, Landing, and Balancing Humans},
 year = {1998},
 isbn = {0-591-79746-1},
 note = {AAI9827367},
 publisher = {Georgia Institute of Technology},
 address = {Atlanta, GA, USA},
}

@inproceedings{Wu:2003,
 author = {Wu, Jia-chi and Popovi\'{c}, Zoran},
 title = {Realistic Modeling of Bird Flight Animations},
 booktitle = {ACM SIGGRAPH 2003 Papers},
 series = {SIGGRAPH '03},
 year = {2003},
 isbn = {1-58113-709-5},
 location = {San Diego, California},
 pages = {888--895},
 numpages = {8},
 url = {http://doi.acm.org/10.1145/1201775.882360},
 doi = {10.1145/1201775.882360},
 acmid = {882360},
 publisher = {ACM},
 address = {New York, NY, USA},
 keywords = {aerodynamics, bird flight, computer animation, forward dynamics, physically based animation},
}

@article{Tan:2012,
 author = {Tan, Jie and Turk, Greg and Liu, C. Karen},
 title = {Soft Body Locomotion},
 journal = {ACM Trans. Graph.},
 issue_date = {July 2012},
 volume = {31},
 number = {4},
 month = jul,
 year = {2012},
 issn = {0730-0301},
 pages = {26:1--26:11},
 articleno = {26},
 numpages = {11},
 url = {http://doi.acm.org/10.1145/2185520.2185522},
 doi = {10.1145/2185520.2185522},
 acmid = {2185522},
 publisher = {ACM},
 address = {New York, NY, USA},
 keywords = {finite element method, locomotion control, optimization, soft body simulation},
}

@inproceedings{Laszlo:1996,
 author = {Laszlo, Joseph and van de Panne, Michiel and Fiume, Eugene},
 title = {Limit Cycle Control and Its Application to the Animation of Balancing and Walking},
 booktitle = {Proceedings of the 23rd Annual Conference on Computer Graphics and Interactive Techniques},
 series = {SIGGRAPH '96},
 year = {1996},
 isbn = {0-89791-746-4},
 pages = {155--162},
 numpages = {8},
 url = {http://doi.acm.org/10.1145/237170.237231},
 doi = {10.1145/237170.237231},
 acmid = {237231},
 publisher = {ACM},
 address = {New York, NY, USA},
 keywords = {control, human animation, limit cycles, locomotion, physically-based modeling},
}

@article{Wang:2010,
 author = {Wang, Jack M. and Fleet, David J. and Hertzmann, Aaron},
 title = {Optimizing Walking Controllers for Uncertain Inputs and Environments},
 journal = {ACM Trans. Graph.},
 issue_date = {July 2010},
 volume = {29},
 number = {4},
 month = jul,
 year = {2010},
 issn = {0730-0301},
 pages = {73:1--73:8},
 articleno = {73},
 numpages = {8},
 url = {http://doi.acm.org/10.1145/1778765.1778810},
 doi = {10.1145/1778765.1778810},
 acmid = {1778810},
 publisher = {ACM},
 address = {New York, NY, USA},
 keywords = {controller synthesis, human motion, optimization, physics-based animation},
}

@article{Wang:2012,
 author = {Wang, Jack M. and Hamner, Samuel R. and Delp, Scott L. and Koltun, Vladlen},
 title = {Optimizing Locomotion Controllers Using Biologically-based Actuators and Objectives},
 journal = {ACM Trans. Graph.},
 issue_date = {July 2012},
 volume = {31},
 number = {4},
 month = jul,
 year = {2012},
 issn = {0730-0301},
 pages = {25:1--25:11},
 articleno = {25},
 numpages = {11},
 url = {http://doi.acm.org/10.1145/2185520.2185521},
 doi = {10.1145/2185520.2185521},
 acmid = {2185521},
 publisher = {ACM},
 address = {New York, NY, USA},
 keywords = {biomechanics, musculoskeletal simulation, physics-based character animation},
}

@inproceedings{Zordan:2002,
 author = {Zordan, Victor Brian and Hodgins, Jessica K.},
 title = {Motion Capture-driven Simulations That Hit and React},
 booktitle = {Proceedings of the 2002 ACM SIGGRAPH/Eurographics Symposium on Computer Animation},
 series = {SCA '02},
 year = {2002},
 isbn = {1-58113-573-4},
 location = {San Antonio, Texas},
 pages = {89--96},
 numpages = {8},
 url = {http://doi.acm.org/10.1145/545261.545276},
 doi = {10.1145/545261.545276},
 acmid = {545276},
 publisher = {ACM},
 address = {New York, NY, USA},
 keywords = {computer games, motion capture and human body simulation, physically based animation, virtual environments},
}

@article{Tsai:2010,
 author = {Tsai, Yao-Yang and Lin, Wen-Chieh and Cheng, Kuangyou B. and Lee, Jehee and Lee, Tong-Yee},
 title = {Real-Time Physics-Based 3{D} Biped Character Animation Using an Inverted Pendulum Model},
 journal = {IEEE Transactions on Visualization and Computer Graphics},
 issue_date = {March 2010},
 volume = {16},
 number = {2},
 month = mar,
 year = {2010},
 issn = {1077-2626},
 pages = {325--337},
 numpages = {13},
 url = {http://dx.doi.org/10.1109/TVCG.2009.76},
 doi = {10.1109/TVCG.2009.76},
 acmid = {1729611},
 publisher = {IEEE Educational Activities Department},
 address = {Piscataway, NJ, USA},
 keywords = {3D human motion, 3D human motion, physics-based simulation, biped walk and balance, motion capture data., biped walk and balance, motion capture data., physics-based simulation},
}

@inproceedings{Kwon:2010,
 author = {Kwon, Taesoo and Hodgins, Jessica},
 title = {Control Systems for Human Running Using an Inverted Pendulum Model and a Reference Motion Capture Sequence},
 booktitle = {Proceedings of the 2010 ACM SIGGRAPH/Eurographics Symposium on Computer Animation},
 series = {SCA '10},
 year = {2010},
 location = {Madrid, Spain},
 pages = {129--138},
 numpages = {10},
 url = {http://dl.acm.org/citation.cfm?id=1921427.1921447},
 acmid = {1921447},
 publisher = {Eurographics Association},
 address = {Aire-la-Ville, Switzerland},
}

@article{Wu:2010,
 author = {Wu, Jia-chi and Popovi\'{c}, Zoran},
 title = {Terrain-adaptive Bipedal Locomotion Control},
 journal = {ACM Trans. Graph.},
 issue_date = {July 2010},
 volume = {29},
 number = {4},
 month = jul,
 year = {2010},
 issn = {0730-0301},
 pages = {72:1--72:10},
 articleno = {72},
 numpages = {10},
 url = {http://doi.acm.org/10.1145/1778765.1778809},
 doi = {10.1145/1778765.1778809},
 acmid = {1778809},
 publisher = {ACM},
 address = {New York, NY, USA},
}

@article{Coros:2008,
 author = {Coros, Stelian and Beaudoin, Philippe and Yin, Kang Kang and van de Pann, Michiel},
 title = {Synthesis of Constrained Walking Skills},
 journal = {ACM Trans. Graph.},
 issue_date = {December 2008},
 volume = {27},
 number = {5},
 month = dec,
 year = {2008},
 issn = {0730-0301},
 pages = {113:1--113:9},
 articleno = {113},
 numpages = {9},
 url = {http://doi.acm.org/10.1145/1409060.1409066},
 doi = {10.1145/1409060.1409066},
 acmid = {1409066},
 publisher = {ACM},
 address = {New York, NY, USA},
}

@article{mordatch2010,
  author = {Igor Mordatch and Martin de Lasa and Aaron Hertzmann},
  title = {Robust {P}hysics-{B}ased {L}ocomotion {U}sing {L}ow-{D}imensional {P}lanning},
  journal={ACM Transactions on Graphics},
  volume={29},
  number={3},
  pages={},
  year={2010},
}

@article{BBC2005,
  author = {BBC},
  title = {Bicycle chosen as best invention},
  journal={BBC News},
  year={2005},
  url = {http://news.bbc.co.uk/2/hi/technology/4513929.stm},
}

@article{McNamara2004,
  author = "Antoine McNamara and Adrien Treuille and Zoran Popovi{\'{c}} and Jos Stam",
  title = "Fluid Control Using the Adjoint Method",
  year = "2004",
  month = aug,
  journal = "ACM Transactions on Graphics",
  volume = "23",
  number = "3"
}

@article{Kaelbling1996,
    author = "Leslie Pack Kaelbling and Michael L. Littman and Andrew P. Moore",
    title = "Reinforcement Learning: A Survey",
    journal = "Journal of Artificial Intelligence Research",
    volume = "4",
    pages = "237-285",
    year = "1996",
url={http://people.csail.mit.edu/lpk/papers/rl-survey.ps}}

@inproceedings{Heidrich-Meisner:2008,
 author = {Heidrich-Meisner, Verena and Igel, Christian},
 title = {Evolution Strategies for Direct Policy Search},
 booktitle = {Proceedings of the 10th International Conference on Parallel Problem Solving from Nature: PPSN X},
 year = {2008},
 isbn = {978-3-540-87699-1},
 location = {Dortmund, Germany},
 pages = {428--437},
 numpages = {10},
 url = {http://dx.doi.org/10.1007/978-3-540-87700-4_43},
 doi = {10.1007/978-3-540-87700-4_43},
 acmid = {1431423},
 publisher = {Springer-Verlag},
 address = {Berlin, Heidelberg},
}

@inproceedings{Levine2013,
    author = {Sergey Levine and Vladlen Koltun},
    title = {Guided Policy Search},
    booktitle = {ICML '13: Proceedings of the 30th International Conference on Machine Learning},
    year = {2013},
}

@inproceedings{Ng:2000,
 author = {Ng, Andrew Y. and Russell, Stuart J.},
 title = {Algorithms for Inverse Reinforcement Learning},
 booktitle = {Proceedings of the Seventeenth International Conference on Machine Learning},
 series = {ICML '00},
 year = {2000},
 isbn = {1-55860-707-2},
 pages = {663--670},
 numpages = {8},
 url = {http://dl.acm.org/citation.cfm?id=645529.657801},
 acmid = {657801},
 publisher = {Morgan Kaufmann Publishers Inc.},
 address = {San Francisco, CA, USA},
}

@article{Hinton:2007,
  author = {Hinton, Geoffrey E.},
  journal = {Trends in Cognitive Sciences},
  pages = {428-434},
  title = {Learning multiple layers of representation},
  volume = 11,
  year = 2007
}

@misc{ode:2008,
  author = {Smith, Russell},
  note = {http://www.ode.org/},
  title = {Open Dynamics Engine},
  url = {http://www.ode.org/},
  year = 2008
}

@article{Chambaron2009,
    author = "Chambaron, S. and Berberian, B. and Delbecque, L. and Ginhac, D. and Cleeremans, A.",
    title = "Implicit motor learning in discrete and continuous tasks: Toward a possible account of discrepant results",
    journal = "Handbook of Motor Skills: Development, Impairment, and Therapy",
    pages = "139-155",
    year = 2009
}

@article{Auslander:1995,
 author = {Auslander, Joel and Fukunaga, Alex and Partovi, Hadi and Christensen, Jon and Hsu, Lloyd and Reiss, Peter and Shuman, Andrew and Marks, Joe and Ngo, J. Thomas},
 title = {Further Experience with Controller-based Automatic Motion Synthesis for Articulated Figures},
 journal = {ACM Trans. Graph.},
 issue_date = {Oct. 1995},
 volume = {14},
 number = {4},
 month = oct,
 year = {1995},
 issn = {0730-0301},
 pages = {311--336},
 numpages = {26},
 url = {http://doi.acm.org/10.1145/225294.225295},
 doi = {10.1145/225294.225295},
 acmid = {225295},
 publisher = {ACM},
 address = {New York, NY, USA},
 keywords = {animation, evolutionary computation, heuristic methods, machine learning, spacetime constraints, stochastic optimization},
}

@inproceedings{Ngo:1993,
 author = {Ngo, J. Thomas and Marks, Joe},
 title = {Spacetime Constraints Revisited},
 booktitle = {Proceedings of the 20th Annual Conference on Computer Graphics and Interactive Techniques},
 series = {SIGGRAPH '93},
 year = {1993},
 isbn = {0-89791-601-8},
 location = {Anaheim, CA},
 pages = {343--350},
 numpages = {8},
 url = {http://doi.acm.org/10.1145/166117.166160},
 doi = {10.1145/166117.166160},
 acmid = {166160},
 publisher = {ACM},
 address = {New York, NY, USA},
 keywords = {evolutionary computation, genetic algorithms, massive parallelism},
}

@inproceedings{Ye:2010,
 author = {Ye, Yuting and Liu, C. Karen},
 title = {Optimal feedback control for character animation using an abstract model},
 booktitle = {SIGGRAPH '10: ACM SIGGRAPH 2010 papers},
 year = {2010},
 isbn = {978-1-4503-0210-4},
 pages = {1--9},
 location = {Los Angeles, California},
 doi = {http://doi.acm.org/10.1145/1833349.1778811},
 publisher = {ACM},
 address = {New York, NY, USA},
 }

@inproceedings{Muico:2009,
 author = {Muico, Uldarico and Lee, Yongjoon and Popovi\'{c}, Jovan and Popovi\'{c}, Zoran},
 title = {Contact-aware Nonlinear Control of Dynamic Characters},
 booktitle = {ACM SIGGRAPH 2009 Papers},
 series = {SIGGRAPH '09},
 year = {2009},
 isbn = {978-1-60558-726-4},
 location = {New Orleans, Louisiana},
 pages = {81:1--81:9},
 articleno = {81},
 numpages = {9},
 url = {http://doi.acm.org/10.1145/1576246.1531387},
 doi = {10.1145/1576246.1531387},
 acmid = {1531387},
 publisher = {ACM},
 address = {New York, NY, USA},
 keywords = {character control, character simulation, physics-based character animation},
}

@inproceedings{daSilva:2008,
 author = {da Silva, Marco and Abe, Yeuhi and Popovi\'{c}, Jovan},
 title = {Interactive Simulation of Stylized Human Locomotion},
 booktitle = {ACM SIGGRAPH 2008 Papers},
 series = {SIGGRAPH '08},
 year = {2008},
 isbn = {978-1-4503-0112-1},
 location = {Los Angeles, California},
 pages = {82:1--82:10},
 articleno = {82},
 numpages = {10},
 url = {http://doi.acm.org/10.1145/1399504.1360681},
 doi = {10.1145/1399504.1360681},
 acmid = {1360681},
 publisher = {ACM},
 address = {New York, NY, USA},
}

@article{Pratt2001,
  author = {Pratt, Jerry E. and Chew, Chee-Meng and Torres, Ann and Dilworth, Peter and Pratt, Gill A.},
  journal = {Int'l J. Robotic Research.},
  number = 2,
  pages = {129-143},
  title = {Virtual Model Control: An Intuitive Approach for Bipedal Locomotion.},
  volume = 20,
  year = 2001
}

@article{Peters:2008,
 author = {Peters, Jan and Schaal, Stefan},
 title = {Reinforcement Learning of Motor Skills with Policy Gradients},
 journal = {Neural Networks},
 issue_date = {May, 2008},
 volume = {21},
 number = {4},
 month = may,
 year = {2008},
 issn = {0893-6080},
 pages = {682--697},
 numpages = {16},
 url = {http://dx.doi.org/10.1016/j.neunet.2008.02.003},
 doi = {10.1016/j.neunet.2008.02.003},
 acmid = {1379484},
 publisher = {Elsevier Science Ltd.},
 address = {Oxford, UK, UK},
 keywords = {Motor primitives, Motor skills, Natural Actor-Critic, Natural gradients, Policy gradient methods, Reinforcement learning},
}
